@inproceedings{Transformer,
 author = {Vaswani, Ashish and Shazeer, Noam and Parmar, Niki and Uszkoreit, Jakob and Jones, Llion and Gomez, Aidan N and Kaiser, \L ukasz and Polosukhin, Illia},
 booktitle = {Advances in Neural Information Processing Systems},
 editor = {I. Guyon and U. Von Luxburg and S. Bengio and H. Wallach and R. Fergus and S. Vishwanathan and R. Garnett},
 pages = {},
 publisher = {Curran Associates, Inc.},
 title = {Attention is All you Need},
 url = {https://proceedings.neurips.cc/paper/2017/file/3f5ee243547dee91fbd053c1c4a845aa-Paper.pdf},
 volume = {30},
 year = {2017}
}

# Overview of the multi object tracking problem.
@article{Luo_2021,
	doi = {10.1016/j.artint.2020.103448},
	url = {https://doi.org/10.1016%2Fj.artint.2020.103448},
	year = 2021,
	month = {apr},
	publisher = {Elsevier {BV}},
	volume = {293},
	pages = {103448},
	author = {Wenhan Luo and Junliang Xing and Anton Milan and Xiaoqin Zhang and Wei Liu and Tae-Kyun Kim},
	title = {Multiple object tracking: A literature review},
	journal = {Artificial Intelligence}
}
